<?xml version="1.0" encoding="UTF-8"?><collection xmlns="http://www.loc.gov/MARC21/slim"><record><leader>00511nam--2200181-i-4500</leader><controlfield tag="001">000033596</controlfield><controlfield tag="002">20161230</controlfield><controlfield tag="005">20161230201039</controlfield><controlfield tag="008">060222s1000------------r-----000-0-fre-d</controlfield><datafield ind1=" " ind2=" " tag="040"><subfield code="a">IFIN-HH</subfield></datafield><datafield ind1=" " ind2=" " tag="041"><subfield code="a">fre</subfield></datafield><datafield ind1=" " ind2=" " tag="080"><subfield code="a">537.634(043)</subfield></datafield><datafield ind1="1" ind2=" " tag="100"><subfield code="a">Miltat, J</subfield></datafield><datafield ind1="1" ind2="0" tag="245"><subfield code="a">Etude par methode de lang des deformations mangetostrictives dans le fer-silicium</subfield><subfield code="b">These</subfield><subfield code="c">J. miltat</subfield></datafield><datafield ind1=" " ind2=" " tag="260"><subfield code="a">Orsay</subfield><subfield code="b">Universite De Paris-sud</subfield><subfield code="c">1976</subfield></datafield><datafield ind1=" " ind2=" " tag="300"><subfield code="a">III+124P</subfield></datafield><datafield ind1=" " ind2=" " tag="852"><subfield code="a">44981</subfield><subfield code="c">537:538</subfield></datafield><datafield ind1=" " ind2=" " tag="CAT"><subfield code="a">Sys</subfield><subfield code="c">20110621</subfield><subfield code="h">161940</subfield></datafield></record></collection>